@article{druin:2002,
  author={Alisson Druin},
  title={The role of Children in the Design of New Technology},
  journal={Behaviour and Information Technology},
  year={2002},
  pages={1-25}
}

@article{husnoo:2013,
  author={Shabnam Husnoo},
  title={Can Kids Learn By Themselves Using Technology and What do They Learn?},
  journal={European Scientific Journal},
  year={2013},
  pages={1-25},
  volume={4}
}

@article{cooper:2002,
  author={Shabnam Husnoo},
  title={ Supporting high quality interaction and motivation in the classroom using ICT: social and emotional learning and engagement in the nimis project},
  year={2002},
  pages={113-138},
  volume={2}
}

@article{borges:2010,
  title = {RoboFácil: Especificação e Implementação de um Kit de Robótica para a Realidade Educacional Brasileira},
  publisher = {Revista Brasileira de Informática na Educação},
  volume={2},
  author={Leonardo Cunha de Miranda; José Antonio dos Santos Borges},
  year={2010},
}

@mastersthesis{zilli:2004,
  author       = {Silvana do Rocio Zilli},
  title        = {A Robótica Educacional no Ensino Fundamental: Perspectivas e Pratica},
  school       = {Universidade Federal de Santa Catarina},
  year         = {2004},
  address      = {Florianopolis},
  month        = {10}
 }

  @article{maisonnette:2002,
  title={A utilização dos recursos informatizados a partir de uma relação inventiva com a máquina: a robótica educativa},
  author={Maisonnette, Rogers},
  journal={PROINFO-Programa Nacional de Informática na Educação, Curitiba-PR},
  year={2002}
}

@unpublished{godoy:1997,
  author  = {Norma  Godoy},
  title = {Curso de Robótica Pedagógica: Empresa Ars Consult},
  year = {1997}
}

@book{gil:1991,
  author    = {Antonio Carlos Gil},
  title     = {Como elaborar projetos de pesquisa},
  publisher = {Editora Atlas},
  year      = {1991},
  volume    = {4},
  edition   = {4}
}

@misc{jornalggn:2013,
  author       = {Greg Hughes},
  title        = {O pequeno computador Raspberry Pi},
  howpublished = {\url{http://jornalggn.com.br/blog/luisnassif/o-pequeno-computador-raspberry-pi}},
  note = {Accessed: 2015-09-09}
}

@misc{brain:2015,
  title        = {O giroscópio e suas finalidades},
  howpublished = {\url{http://ciencia.hsw.uol.com.br/giroscopios3.htm}},
  note = {Accessed: 2015-09-09}
}

@book{rauber:2003,
  author    = {Rauber},
  title     = {Que tal um pouco de logica?!},
  publisher = {Editora Clio Livros},
  year      = {2003}
}

@book{piaget:1975,
  author    = {Jean Piaget},
  title     = {Gênese das Estruturas Lógicas Elementares},
  publisher = {Editora Zahar},
  year      = {1975}
}

@book{piaget:1972,
  author    = {Jean Piaget},
  title     = {Desenvolvimento e aprendizagem},
  publisher = {Hartcourt Brace Janovich},
  year      = {1972}
}

@book{piaget:1985,
  author    = {J. Piaget e N. Chomsky},
  title     = {Teorias da Linguagem},
  publisher = {Lisboa},
  edition   = {70}
}

@misc{tarouco:2004,
  author        = {Liane Tarouco},
  title         = {O giroscópio e suas finalidades},
  howpublished  = {\url{http://penta2.ufrgs.br/edu/objetosaprendizagem/}},
  note          = {Accessed: 2015-09-09},
  year          = {2004}
}

@book{weis:2001,
  author    = {Alba Maria Lemme Weiss},
  title     = {A Informática e os Problemas Escolares de Aprendizagem},
  publisher = {Editora DP\&A},
  year      = {2001}
}

@book{palangana:2001,
  title={Desenvolvimento e aprendizagem em Piaget e Vygotsky a relevância do social},
  author={Palangana, Isilda Campaner},
  year={2001},
  publisher={Grupo Editorial Summus}
}

@article{bekker:1956,
  title={Theory of land locomotion},
  author={Bekker, Mieczyslaw Gregory},
  year={1956},
  publisher={University of Michigan Press}
}


@article{coutinho:2003,
  title={Polietileno: principais tipos, propriedades e aplicações},
  author={Coutinho, Fernanda MB and Mello, Ivana L and De Santa Maria, LC},
  journal={Polímeros Ciência e Tecnologia},
  volume={13},
  number={1},
  pages={1--13},
  year={2003},
  publisher={SciELO Brasil}
}

@misc{ficha:2004,
  title        = {Ficha de Informações de Segurança do Produto Químico},
  howpublished = {\url{http://www.dow.com/webapps/msds/ShowPDF.aspx?id=090003e8804ca380}},
  note = {Accessed: 2015-08-09}
}

@misc{abal:2014,
  title        = {Propriedades Mecânicas},
  howpublished = {\url{http://www.abal.org.br/aluminio/caracteristicas-quimicas-e-fisicas/propriedades-mecanicas/}},
  note = {Accessed: 2015-08-09}
}

@misc{ggd:2014,
  title        = {Catálogo de vendas da GGD Metal},
  howpublished = {\url{http://www.ggdmetals.com.br/cat/aluminio.pdf}},
  note = {Accessed: 2015-08-09}
}

@misc{silveira:2015,
  title = {Entrevista concedida},
  year  = {2015},
  author  = {Tharrany de Queiroz Silveira},
  note  = {Especialista em Psicopedagogia}
}

@misc{pagnan:2009,
  title = {Estudo da ergonomia da cor},
  year  = {2009},
  author  = {Pagnan, C. M. et al.},
  howpublished  = {Universidade do Estado de Minas Gerais}
}

@article{ronnie:2013,
  title={Trabalhando Lógica de Programação com Portadores de Deficiência Auditiva: A Experiência com a Linguagem Proglib e a IDE Hands},
  author={Ronnie E. S. et al.},
  year={2013},
  publisher={Universidade Federal de Pernambuco}
}

@article{braga:2006,
  title={Desenvolvimento de um robô bípede autônomo},
  author={Henrique Foresti Braga},
  year={2006},
  publisher={Pós-graduação em Mecânica Computacional. Universidade Federal de Pernambuco, Recife}
}

@article{braga:2014,
  title={Estudo para fabricação de um protótipo de robô móvel com rodas para aspiração de pó doméstica},
  author={Frederico Castro Braga},
  year={2014},
  pages={102},
  publisher={Universidade Federal do Rio de Janeiro. Rio de Janeiro}
}

@article{iecon:2007,
  title={A Comparative Study of Wireless Protocols: Bluetooth, UWB, ZigBee, and Wi-Fi},
  author={Iecon},
  year={2007},
  publisher={The 33rd Annual Conference of the IEEE Industrial Electronics Society }
}

@article{secchi:2008,
  title={Una Introducción a los Robots Móviles},
  author={Humberto Alejandro Secchi},
  year={2007},
  publisher={Universidade Nacional de San Juan. Instituto de Automática}
}

@article{silva:2010,
  title={Movimentação Autónoma de Robôs Móveis de Baixo Custo, com Base no Sistema NXT da LEGO},
  author={Pedro Miguel de Sá Pereira da Silva},
  year={2010},
  publisher={Faculdade de Engenharia da Universidade do Porto}
}

@article{pieri:2002,
  title={Curso de Robótica Móvel},
  author={Edson Roberto de Pieri},
  year={2002},
  publisher={Universidade Federal de Santa Catarina. Programa de Pós-Graduação em Engenharia Elétrica}
}

@article{romano:2002,
  title={Introdução a robótica industrial.Robótica Industrial–Aplicação na Indústria de Manufaturas e de Processos},
  author={Max Suell Dutra; Vitor Ferreira Romano},
  year={2002},
  publisher={Universidade de Campinas}
}

@article{siegwart:2002,
  title={Introduction to Autonomous Mobile Robots},
  author={Illah R. Nourbakhsh; Roland Siegwart},
  year={2004},
  publisher={Massachusetts: The Mit Press},
  pages={336}
}

@misc{wireless:2015,
  title = {Official Wireless Wiki, hostapd Linux documentation page},
  year  = {2015},
  author  = {Wireless, Wiki},
  howpublished  = {https://wireless.wiki.kernel.org/en/users/documentation/hostapdwirelessinterface}
}

@misc{micropik:2015,
  title = {ULTRASOUND SENSOR MODEL HC-RS04 DATASHEET},
  year  = {2015},
  author  = {Micropik},
  howpublished  = {http://www.micropik.com/PDF/HCSR04.pdf}
}

@article{kuhl:2013,
  title={Circuito Conversor Boost Step-Up Simulado Através Do Circuito Controlador MC34063},
  author={Marcelo Guilherme Kuhl},
  year={2013},
  publisher={Universidade Tecnológica Federal do Paraná – UTFPR – Campus de Pato Branco Pato Branco – PR}
}