@article{druin:2002,
  author={Alisson Druin},
  title={The role of Children in the Design of New Technology},
  journal={Behaviour and Information Technology},
  year={2002},
  pages={1-25}
}

@article{husnoo:2013,
  author={Shabnam Husnoo},
  title={Can Kids Learn By Themselves Using Technology and What do They Learn?},
  journal={European Scientific Journal},
  year={2013},
  pages={1-25},
  volume={4}
}

@article{cooper:2002,
  author={Shabnam Husnoo},
  title={ Supporting high quality interaction and motivation in the classroom using ICT: social and emotional learning and engagement in the nimis project},
  year={2002},
  pages={113-138},
  volume={2}
}

@misc{yus:2004,
  title = {Comunidades de aprendizagem},
  howpublished = {\url{http://www.artmed.com.br/pationline/fr_conteudo_patio.php?codigo=604 \&secao=334\&pai=333}},
  note = {Accessed: 2015-08-08}
}

@misc{borges:2015,
  title = {Especificação e Implementação de um Kit de Robótica para a Realidade Educacional Brasileira},
  howpublished = {\url{http://www.researchgate.net/profile/Jose_Antonio_Borges2/publication/48657746_RoboFcil_Especificao_e_Implementao_de_um_Kit_de_Robtica_para_a_Realidade_Educacional_Brasileira/links/004635268a40e07b54000000.pdf}},
  note = {Accessed: 2015-08-08}
}

@mastersthesis{zilli:2004,
  author       = {Silvana do Rocio Zilli}, 
  title        = {A Robótica Educacional no Ensino Fundamental: Perspectivas e Pratica},
  school       = {Universidade Federal de Santa Catarina},
  year         = {2004},
  address      = {Florianopolis},
  month        = {10}
 }
 
  @article{maisonnette:2002,
  title={A utilização dos recursos informatizados a partir de uma relação inventiva com a máquina: a robótica educativa},
  author={Maisonnette, Rogers},
  journal={PROINFO-Programa Nacional de Informática na Educação, Curitiba-PR},
  year={2002}
}

@unpublished{godoy:1997,
  author  = {Norma  Godoy}, 
  title = {Curso de Robótica Pedagógica: Empresa Ars Consult},
  year = {1997}
}

@book{gil:1991,
  author    = {Antonio Carlos Gil}, 
  title     = {Como elaborar projetos de pesquisa},
  publisher = {Editora Atlas},
  year      = {1991},
  volume    = {4},
  edition   = {4}
}

@misc{jornalggn:2013,
  author       = {Greg Hughes}, 
  title        = {O pequeno computador Raspberry Pi},
  howpublished = {\url{http://jornalggn.com.br/blog/luisnassif/o-pequeno-computador-raspberry-pi}},
  note = {Accessed: 2015-09-09}
}

@misc{brain:2015,
  title        = {O giroscópio e suas finalidades},
  howpublished = {\url{http://ciencia.hsw.uol.com.br/giroscopios3.htm}},
  note = {Accessed: 2015-09-09}
}

@book{rauber:2003,
  author    = {Rauber}, 
  title     = {Que tal um pouco de logica?!},
  publisher = {Editora Clio Livros},
  year      = {2003}
}

@book{piaget:1975,
  author    = {Jean Piaget}, 
  title     = {Gênese das Estruturas Lógicas Elementares},
  publisher = {Editora Zahar},
  year      = {1975}
}

@book{piaget:1972,
  author    = {Jean Piaget}, 
  title     = {Desenvolvimento e aprendizagem},
  publisher = {Hartcourt Brace Janovich},
  year      = {1972}
}

@book{piaget:1985,
  author    = {J. Piaget e N. Chomsky},
  title     = {Teorias da Linguagem},
  publisher = {Lisboa},
  edition   = {70}
}

@misc{tarouco:2004,
  author    = {Liane Tarouco}, 
  title        = {O giroscópio e suas finalidades},
  howpublished = {\url{http://penta2.ufrgs.br/edu/objetosaprendizagem/}},
  note = {Accessed: 2015-09-09}
}

@book{weis:2001,
  author    = {Alba Maria Lemme Weiss}, 
  title     = {A Informática e os Problemas Escolares de Aprendizagem},
  publisher = {Editora DP\&A},
  year      = {2001}
}

@book{palangana:2001,
  title={Desenvolvimento e aprendizagem em Piaget e Vygotsky a relevância do social},
  author={Palangana, Isilda Campaner},
  year={2001},
  publisher={Grupo Editorial Summus}
}

@article{bekker:1956,
  title={Theory of land locomotion},
  author={Bekker, Mieczyslaw Gregory},
  year={1956},
  publisher={University of Michigan Press}
}


@article{coutinho:2003,
  title={Polietileno: principais tipos, propriedades e aplicações},
  author={Coutinho, Fernanda MB and Mello, Ivana L and De Santa Maria, LC},
  journal={Polímeros Ciência e Tecnologia},
  volume={13},
  number={1},
  pages={1--13},
  year={2003},
  publisher={SciELO Brasil}
}

@misc{ficha:2004,
  title        = {Ficha de Informações de Segurança do Produto Químico},
  howpublished = {\url{http://www.dow.com/webapps/msds/ShowPDF.aspx?id=090003e8804ca380}},
  note = {Accessed: 2015-08-09}
}

@misc{abal:2014,
  title        = {Propriedades Mecânicas},
  howpublished = {\url{http://www.abal.org.br/aluminio/caracteristicas-quimicas-e-fisicas/propriedades-mecanicas/}},
  note = {Accessed: 2015-08-09}
}

@misc{ggd:2014,
  title        = {Catálogo de vendas da GGD Metal},
  howpublished = {\url{http://www.ggdmetals.com.br/cat/aluminio.pdf}},
  note = {Accessed: 2015-08-09}
}

@misc{silveira:2015,
  title = {Entrevista concedida},
  year  = {2015},
  author  = {Tharrany de Queiroz Silveira},
  note  = {Especialista em Psicopedagogia}
}

@misc{pagnan:2009,
  title = {Estudo da ergonomia da cor},
  year  = {2009},
  author  = {PAGNAN, C. M. et al.},
  howpublished  = {Universidade do Estado de Minas Gerais}
}

@article{ronnie:2013,
  title={Trabalhando Lógica de Programação com Portadores de Deficiência Auditiva: a Experiência com a Linguagem Proglib e a IDE Hands},
  author={Ronnie E. S. Santos, Cleyton V. C. Magalhães, Jorge S Correia-Neto, Leandro M Queiros, Guilherme Vilar},
  year={2013},
  publisher={Universidade Federal de Pernambuco}
}

@article{braga:2006,
  title={Desenvolvimento de um robô bípede autônomo},
  author={Henrique Foresti },
  year={2013},
  publisher={Universidade Federal de Pernambuco}
}